@article{3opt,
  author    = {Giuseppe Lancia and Marcello Dalpasso},
  title     = {Speeding-up the exploration of the 3-OPT neighborhood for the TSP},
  year      = {2018}
}

@article{Poli,
  author    = {Alberto Policriti},
  title     = {Appunti per il Laboratorio di Algoritmi e Strutture Dati},
  year      = {2018}
}

@article{Neck,
  author    = {G\"unter Rothe},
  title     = {Two solvable cases of the Traveling Salesman Problem},
  year      = {1988}
}

@book{CLRS,
 author     = {Cormen, Thomas H. and Leiserson, Charles E. and Rivest, Ronald L. and Stein, Clifford},
 title      = {Introduction to Algorithms, Third Edition},
 year       = {2009},
 isbn       = {0262033844, 9780262033848},
 edition    = {3rd},
 publisher  = {The MIT Press},
}

@article{LKH,
  author    = {Keld Helsgaun},
  title     = {An Effective Implementation of the Lin-Kernighan Traveling Salesman Heuristic},
  journal   = {European Journal of Operational Research},
  year      = {2000},
  volume    = {126},
  pages     = {106--130}
}

@article{LK,
  author    = {Lin, Shen and Kernighan, Brian W.},
  journal   = {Operations Research},
  pages     = {498-516},
  title     = {An Effective Heuristic Algorithm for the Travelling-Salesman Problem},
  volume    = {21},
  year      = {1973}
}

@article{STSP,
  author    = {Johnson, David and A. Mcgeoch, Lyle},
  year      = {2001},
  title     = {Experimental Analysis of Heuristics for the STSP}
}

@article{CHR,
  author      = {Christofides, Nicos},
  institution = {Graduate School of Industrial Administration, Carnegie Mellon University},
  title       = {Worst-case analysis of a new heuristic for the travelling salesman problem},
  year        = {1976}
}

@book{STRIP,
  author    = {R. M. Karp and J. M. Steele},
  title     = {Probabilistic analysis of heuristics},
  year      = {1985}
}

@article{tsplib,
  Title                    = {{TSPLIB}--A Traveling Salesman Problem Library},
  Author                   = {Gerhard Reinelt},
  Journal                  = {ORSA Journal on Computing},
  Year                     = {1991},
  Number                   = {4},
  Pages                    = {376--384},
  Volume                   = {3}
}

@article{subgr,
  author    = {Polyak, Boris},
  year      = {1967},
  pages     = {593-597},
  title     = {A General Method for Solving Extremum Problems},
  volume    = {8},
  journal   = {Soviet Mathematics. Doklady}
}